<marc:collection xmlns:marc="http://www.loc.gov/MARC21/slim" xmlns:xsi="http://www.w3.org/2001/XMLSchema-instance" xsi:schemaLocation="http://www.loc.gov/MARC21/slim http://www.loc.gov/standards/marcxml/schema/MARC21slim.xsd">
    <marc:record type="Bibliographic">
        <marc:leader>01384cem a2200325Ia 4500</marc:leader>
        <marc:controlfield tag="001">7765550</marc:controlfield>
        <marc:controlfield tag="005">20140131084329.0</marc:controlfield>
        <marc:controlfield tag="007">aj canzn</marc:controlfield>
        <marc:controlfield tag="008">130923s1889    stkdg     a     0   eng d</marc:controlfield>
        <marc:datafield tag="040" ind1=" " ind2=" ">
            <marc:subfield code="a">NjP</marc:subfield>
            <marc:subfield code="c">NjP</marc:subfield>
        </marc:datafield>
        <marc:datafield tag="034" ind1="1" ind2=" ">
            <marc:subfield code="a">a</marc:subfield>
            <marc:subfield code="b">6000000</marc:subfield>
            <marc:subfield code="d">E128000</marc:subfield>
            <marc:subfield code="e">E1480000</marc:subfield>
            <marc:subfield code="f">N0480000</marc:subfield>
            <marc:subfield code="g">N280000</marc:subfield>
        </marc:datafield>
        <marc:datafield tag="043" ind1=" " ind2=" ">
            <marc:subfield code="a">a-ja---</marc:subfield>
        </marc:datafield>
        <marc:datafield tag="100" ind1="1" ind2=" ">
            <marc:subfield code="a">Bartholomew, John,</marc:subfield>
            <marc:subfield code="d">1831-1893.</marc:subfield>
        </marc:datafield>
        <marc:datafield tag="245" ind1="1" ind2="0">
            <marc:subfield code="a">Japan</marc:subfield>
            <marc:subfield code="h">[map].</marc:subfield>
        </marc:datafield>
        <marc:datafield tag="255" ind1=" " ind2=" ">
            <marc:subfield code="a">Scale [ca. 1:6,000,000]</marc:subfield>
            <marc:subfield code="c">(E 128⁰--E 148⁰/N 48⁰--N 28⁰).</marc:subfield>
        </marc:datafield>
        <marc:datafield tag="260" ind1=" " ind2=" ">
            <marc:subfield code="a">[Edinburgh? :</marc:subfield>
            <marc:subfield code="b">Published by A. &amp; C. Black?,</marc:subfield>
            <marc:subfield code="c">1889?]</marc:subfield>
        </marc:datafield>
        <marc:datafield tag="300" ind1=" " ind2=" ">
            <marc:subfield code="a">1 map :</marc:subfield>
            <marc:subfield code="b">col. ;</marc:subfield>
            <marc:subfield code="c">38 x 30 cm.</marc:subfield>
        </marc:datafield>
        <marc:datafield tag="500" ind1=" " ind2=" ">
            <marc:subfield code="a">Relief shown by hachures and spot heights.</marc:subfield>
        </marc:datafield>
        <marc:datafield tag="500" ind1=" " ind2=" ">
            <marc:subfield code="a">Shows boundaries, rivers and settlements.</marc:subfield>
        </marc:datafield>
        <marc:datafield tag="500" ind1=" " ind2=" ">
            <marc:subfield code="a">Greenwich meridian.</marc:subfield>
        </marc:datafield>
        <marc:datafield tag="500" ind1=" " ind2=" ">
            <marc:subfield code="a">Inset: Environs of Tokio.</marc:subfield>
        </marc:datafield>
        <marc:datafield tag="500" ind1=" " ind2=" ">
            <marc:subfield code="a">In upper right-hand corner: 34A.</marc:subfield>
        </marc:datafield>
        <marc:datafield tag="500" ind1=" " ind2=" ">
            <marc:subfield code="a">Probably issued in: General atlas of the world ...  [Edinburgh : Adam and Charles Black, 1889?]</marc:subfield>
        </marc:datafield>
        <marc:datafield tag="500" ind1=" " ind2=" ">
            <marc:subfield code="a">John Bartholomew designed and engraved the maps for the 1846 edition of Adam and Charles Black's General atlas of the world, which appeared in several editions up to 1900. cf. Tooley's dictionary of mapmakers.</marc:subfield>
        </marc:datafield>
        <marc:datafield tag="651" ind1=" " ind2="0">
            <marc:subfield code="a">Japan</marc:subfield>
            <marc:subfield code="v">Maps.</marc:subfield>
        </marc:datafield>
        <marc:datafield tag="655" ind1=" " ind2="7">
            <marc:subfield code="a">Maps</marc:subfield>
            <marc:subfield code="z">Japan</marc:subfield>
            <marc:subfield code="y">1889.</marc:subfield>
            <marc:subfield code="2">aat</marc:subfield>
        </marc:datafield>
        <marc:datafield tag="710" ind1="2" ind2=" ">
            <marc:subfield code="a">Adam and Charles Black (Firm)</marc:subfield>
        </marc:datafield>
        <marc:datafield tag="856" ind1="4" ind2="1">
            <marc:subfield code="z">See the map</marc:subfield>
            <marc:subfield code="u">http://gisserver.princeton.edu/map/28334</marc:subfield>
        </marc:datafield>
        <marc:datafield tag="904" ind1=" " ind2=" ">
            <marc:subfield code="a">gls</marc:subfield>
            <marc:subfield code="b">g</marc:subfield>
            <marc:subfield code="h">n</marc:subfield>
            <marc:subfield code="c">p</marc:subfield>
            <marc:subfield code="e">20130923</marc:subfield>
        </marc:datafield>
        <marc:datafield tag="902" ind1=" " ind2=" ">
            <marc:subfield code="a">gls</marc:subfield>
            <marc:subfield code="b">o</marc:subfield>
            <marc:subfield code="6">e</marc:subfield>
            <marc:subfield code="7">m</marc:subfield>
            <marc:subfield code="d">v</marc:subfield>
            <marc:subfield code="f">1</marc:subfield>
            <marc:subfield code="e">20130923</marc:subfield>
        </marc:datafield>
    </marc:record>
    <marc:record type="Holdings">
        <marc:leader>00171nx  a22000851  4500</marc:leader>
        <marc:controlfield tag="001">7559386</marc:controlfield>
        <marc:controlfield tag="004">7765550</marc:controlfield>
        <marc:controlfield tag="005">20130923143359.0</marc:controlfield>
        <marc:controlfield tag="008">1309234u    8   1001uu   0901128</marc:controlfield>
        <marc:datafield tag="852" ind1="0" ind2=" ">
            <marc:subfield code="b">map</marc:subfield>
            <marc:subfield code="h">HMC01.668</marc:subfield>
        </marc:datafield>
    </marc:record>
</marc:collection>
